
@book{cichosz,
	author = "Pawe³ Cichosz",
	title = "Systemy ucz¹ce siê",
	publisher = "Wydawnictwa Naukowo-Techniczne",
	year = "2000",
	address = "Warszawa"}

@book{mitchell,
	author = "Tom M. Mitchell",
	title = "Machine learning",
	publisher = "McGraw Hill",
	year = "1997"}
	

@misc{tomassini,
	author = "M. Tomassini",
	title = "Parallel and distributed evolutionary algorithms",
	text = "M. Tomassini. Parallel and distributed evolutionary algorithms, chapter
	7, pages 113 133. In Miettinen et al. [11], 1999.",
	year = "1999",
	url = "citeseer.ist.psu.edu/tomassini99parallel.html", 
	note = {\url{http://citeseer.ist.psu.edu/tomassini99parallel.html}} }

@article{maes,
 author = {Pattie Maes},
 title = {Artificial life meets entertainment: lifelike autonomous agents},
 journal = {Commun. ACM},
 volume = {38},
 number = {11},
 year = {1995},
 issn = {0001-0782},
 pages = {108--114},
 doi = {http://www.ecs.soton.ac.uk/~rab2/entertainment.pdf},
 publisher = {ACM Press},
 address = {New York, NY, USA},
 }
	
